@misc{germans,
    title={Close to 10 million gamers in Germany are 50 years and older},
    author={Martin Puppe},
    howpublished={\url{https://www.game.de/en/close-to-10-million-gamers-in-germany-are-50-years-and-older/}},
    note={Accessed: 9-June-2020}
}

@misc{procgenwiki,
    title={Procedural generation},
    author={Wikipedia user},
    howpublished={\url{https://en.wikipedia.org/wiki/Procedural_sgeneration}},
    note={Accessed: 9-Jun-2020}
}

@article{freiknecht2017survey,
  title={A survey on the procedural generation of virtual worlds},
  author={Freiknecht, Jonas and Effelsberg, Wolfgang},
  journal={Multimodal Technologies and Interaction},
  volume={1},
  number={4},
  pages={27},
  year={2017},
  publisher={Multidisciplinary Digital Publishing Institute},
  note={Accessed: 9-June-2020}
}

@misc{borderlands,
    title={Borderlands (series)},
    author={Wikipedia user},
    howpublished={\url{https://en.wikipedia.org/wiki/Borderlands_(series)}},
    note={Accessed: 10-June-2020}
}

@article{collins2009introduction,
  title={An introduction to procedural music in video games},
  author={Collins, Karen},
  journal={Contemporary Music Review},
  volume={28},
  number={1},
  pages={5--15},
  year={2009},
  publisher={Taylor \& Francis},
  note={Accessed: 10-June-2020}
}

@inproceedings{lagae2010survey,
  title={A survey of procedural noise functions},
  author={Lagae, Ares and Lefebvre, Sylvain and Cook, Rob and DeRose, Tony and Drettakis, George and Ebert, David S and Lewis, John P and Perlin, Ken and Zwicker, Matthias},
  booktitle={Computer Graphics Forum},
  volume={29},
  number={8},
  pages={2579--2600},
  year={2010},
  organization={Wiley Online Library},
  note={Accessed: 10-June-2020}
}

@article{perlin1985image,
  title={An image synthesizer},
  author={Perlin, Ken},
  journal={ACM Siggraph Computer Graphics},
  volume={19},
  number={3},
  pages={287--296},
  year={1985},
  publisher={ACM New York, NY, USA},
  note={Accessed: 10-June-2020}
}

@misc{perlinnoisewiki,
    title = {Perlin noise},
    author = {Wikipedia user},
    howpublished = {\url{https://en.wikipedia.org/wiki/Perlin_noise}},
    note = {Accessed: 10-June-2020}
}

@article{gustavson2005simplex,
  title={Simplex noise demystified},
  author={Gustavson, Stefan},
  journal={Link{\"o}ping University, Link{\"o}ping, Sweden, Research Report},
  year={2005},
  note={Accessed: 10-June-2020}
}

@article{goldberg2008anisotropic,
  title={Anisotropic noise},
  author={Goldberg, Alexander and Zwicker, Matthias and Durand, Fr{\'e}do},
  journal={ACM Transactions on Graphics (TOG)},
  volume={27},
  number={3},
  pages={1--8},
  year={2008},
  publisher={ACM New York, NY, USA},
  note={Accessed: 10-June-2020}
}

@inproceedings{van1991spot,
  title={Spot noise texture synthesis for data visualization},
  author={Van Wijk, Jarke J},
  booktitle={Proceedings of the 18th annual conference on Computer graphics and interactive techniques},
  pages={309--318},
  year={1991},
  note={Accessed: 11-June-2020}
}

@article{lagae2009procedural,
  title={Procedural noise using sparse Gabor convolution},
  author={Lagae, Ares and Lefebvre, Sylvain and Drettakis, George and Dutr{\'e}, Philip},
  journal={ACM Transactions on Graphics (TOG)},
  volume={28},
  number={3},
  pages={1--10},
  year={2009},
  publisher={ACM New York, NY, USA},
  note={Accessed: 11-June-2020}
}

@misc{megascans,
    title = {Quixel Megascans},
    author = {Quixel},
    howpublished = {\url{https://quixel.com/megascans/home}},
    note = {Accessed: 11-June-2020}
}

@misc{ue5,
    title = {Unreal Engine 5},
    author = {Epic Games},
    howpublished = {\url{https://www.unrealengine.com/en-US/blog/a-first-look-at-unreal-engine-5}},
    note = {Accessed: 11-June-2020}
}

@misc{minecraft,
    title = {Minecraft},
    author = {Mojang},
    howpublished = {\url{https://www.minecraft.net/en-us/}},
    note = {Accessed: 11-June-2020}
}

@misc{procGenIntro,
    title = {Procedural Landmass Generation (E01: Introduction)},
    author = {Sebastian Lague},
    howpublished = {\url{https://www.youtube.com/watch?v=wbpMiKiSKm8}},
    note = {Accessed: 11-June-2020}
}

@article{parberry2014designer,
  title={Designer worlds: Procedural generation of infinite terrain from real-world elevation data},
  author={Parberry, Ian},
  journal={Journal of Computer Graphics Techniques},
  volume={3},
  number={1},
  year={2014},
  note = {Accessed: 11-June-2020}
}

@inproceedings{smelik2009survey,
  title={A survey of procedural methods for terrain modelling},
  author={Smelik, Ruben M and De Kraker, Klaas Jan and Tutenel, Tim and Bidarra, Rafael and Groenewegen, Saskia A},
  booktitle={Proceedings of the CASA Workshop on 3D Advanced Media In Gaming And Simulation (3AMIGAS)},
  pages={25--34},
  year={2009},
  note = {Accessed: 11-June-2020}
}

@misc{procCaveGen,
    title = {[Unity] Procedural Cave Generation (E01. Cellular Automata)},
    author = {Sebastian Lague},
    howpublished = {\url{https://www.youtube.com/watch?v=v7yyZZjF1z4}},
    note = {Accessed: 11-June-2020}
}

@misc{biomes,
    title = {Climate based biomes on procedurally generated maps},
    author = {Tenjix},
    howpublished = {\url{https://www.youtube.com/watch?v=dQQqRKGbNKY}},
    note = {Accessed: 12-June-2020}
}

